%%%%%%%%%%%%%%%%%%%%%%%%%%%%%%%%%%%%%%%
%学術論文等
%%%%%%%%%%%%%%%%%%%%%%%%%%%%%%%%%%%%%%
	
@inproceedings{
	fritzson2006openmodelica,
	title={OpenModelica-A free open-source environment for system modeling, simulation, and teaching},
	author={Fritzson, Peter and Aronsson, Peter and Pop, Adrian and Lundvall, Hakan and Nystrom, Kaj and Saldamli, Levon and Broman, David and Sandholm, Anders},
	booktitle={2006 IEEE Conference on Computer Aided Control System Design, 2006 IEEE International Conference on Control Applications, 2006 IEEE International Symposium on Intelligent Control},
	pages={1588--1595},
	year={2006},
	organization={IEEE}
}



%%%%%%%%%%%%%%%%%%%%%%%%%%%%%%%%%%%%%%%
%書籍
%%%%%%%%%%%%%%%%%%%%%%%%%%%%%%%%%%%%%%

@book{
	modelicaシステム本,
	author = "Peter Fritzson",
	title = "Modelicaによるシステムシミュレーション入門",
	publisher = "TechShare社",
	year = "2015"
}



%%%%%%%%%%%%%%%%%%%%%%%%%%%%%%%%%%%%%%%
%Web
%%%%%%%%%%%%%%%%%%%%%%%%%%%%%%%%%%%%%%

@misc{
	モータ使用製品,
	author =	"日本電産株式会社",
	title ="身の回りのモータ",
	howpublished = {\url{https://www.nidec.com/jp/technology/scenes/}},
	note = {Accessed: 2020-1-22}
}

@misc{
	等価回路,
	author =	"Tech Web motor",
	title ="ブラシ付きDCモータの特性",
	howpublished = {\url{https://micro.rohm.com/jp/techweb_motor/knowledge/basics/basics-03/209}},
	note = {Accessed: 2020-1-23}
}

@misc{
	特性カーブ,
	author =	"EDN Japan",
	title ="DCモーターの性能線図を理解して高効率駆動について考えてみよう",
	howpublished = {\url{https://ednjapan.com/edn/articles/1605/25/news042.html}},
	note = {Accessed: 2020-1-23}
}
